@BOOK{vhdl,
	author = {Jürgen Reichardt und Bernd Schwarz},
	title = {VHDL-Synthese: Entwurf digitaler Schaltungen und Systeme},
	publisher = {Oldenbourg Verlag},
	year = {2012}
}

@ONLINE{formen,
	author = {nash@bsd-noobz.com},
	title = {Formenerkennung},
	note = {letzter Zugriff: 28.10.2015},
	url = {http://opencv-code.com/tutorials/detecting-simple-shapes-in-an-image/}
}

@ONLINE{objekt,
	author = {SOHAM_GANDHI},
	title = {farbbasierte Objekterkennung},
	note = {letzter Zugriff: 28.10.2015},
	url = {http://www.codeproject.com/Articles/850023/Color-Based-Object-Detection}
}

@ONLINE{doku,
	author = {OpenCV Dev Team},
	title = {OpenCV Dokumentation},
	note = {letzter Zugriff: 28.10.2015},
	url = {http://docs.opencv.org/}
}